<record><leader>00000cas a2200000 a 4500</leader><controlfield tag="001">424511452</controlfield><controlfield tag="008">090713d20092009wiuwr ne      0    0eng c</controlfield><datafield ind1=" " ind2=" " tag="010"><subfield code="a">  2015269508</subfield></datafield><datafield ind1=" " ind2=" " tag="040"><subfield code="a">WIH</subfield><subfield code="b">eng</subfield><subfield code="c">WIH</subfield><subfield code="d">WIH</subfield><subfield code="d">OCLCQ</subfield><subfield code="d">OCLCO</subfield><subfield code="d">DLC</subfield></datafield><datafield ind1=" " ind2=" " tag="042"><subfield code="a">pcc</subfield></datafield><datafield ind1=" " ind2=" " tag="043"><subfield code="a">n-us-wi</subfield></datafield><datafield ind1="0" ind2="0" tag="245"><subfield code="a">Weyauwega-Fremont chronicle.</subfield></datafield><datafield ind1=" " ind2=" " tag="260"><subfield code="a">Waupaca, WI :</subfield><subfield code="b">Journal Community Pub. Group</subfield></datafield><datafield ind1=" " ind2=" " tag="300"><subfield code="a">v. :</subfield><subfield code="b">ill. ;</subfield><subfield code="c">55 cm.</subfield></datafield><datafield ind1=" " ind2=" " tag="310"><subfield code="a">Weekly</subfield></datafield><datafield ind1="1" ind2=" " tag="362"><subfield code="a">Began with Mar. 5, 2009; ceased with v. 1, issue 23 (Aug. 6, 2009).</subfield></datafield><datafield ind1=" " ind2=" " tag="580"><subfield code="a">Merged with: Waupaca County post and: Iola herald to form: County post west.</subfield></datafield><datafield ind1=" " ind2=" " tag="588"><subfield code="a">Description based on first issue.</subfield></datafield><datafield ind1=" " ind2="0" tag="651"><subfield code="a">Weyauwega (Wis.)</subfield><subfield code="v">Newspapers.</subfield></datafield><datafield ind1=" " ind2="0" tag="651"><subfield code="a">Freemont (Wis.)</subfield><subfield code="v">Newspapers.</subfield></datafield><datafield ind1=" " ind2="0" tag="651"><subfield code="a">Waupaca County (Wis.)</subfield><subfield code="v">Newspapers.</subfield></datafield><datafield ind1=" " ind2=" " tag="752"><subfield code="a">United States</subfield><subfield code="b">Wisconsin</subfield><subfield code="c">Waupaca</subfield><subfield code="d">Waupaca.</subfield></datafield><datafield ind1="0" ind2="0" tag="780"><subfield code="t">Chronicle (Weyauwega, Wis.)</subfield><subfield code="w">(OCoLC)424511432</subfield></datafield><datafield ind1="1" ind2="7" tag="785"><subfield code="t">Waupaca County post</subfield><subfield code="x">2373-0536</subfield><subfield code="w">(DLC)sn 86086337</subfield><subfield code="w">(OCoLC)13210508</subfield></datafield><datafield ind1="1" ind2="7" tag="785"><subfield code="t">Iola herald (Waupaca, Wis. : 2009)</subfield><subfield code="w">(DLC)  2015269513</subfield><subfield code="w">(OCoLC)315836373</subfield></datafield><datafield ind1="1" ind2="7" tag="785"><subfield code="t">County post west</subfield><subfield code="w">(DLC)  2015269507</subfield><subfield code="w">(OCoLC)432643854</subfield></datafield></record>